<record><leader>00000cas a2200000 a 4500</leader><controlfield tag="001">19210817</controlfield><controlfield tag="008">890214d18791884tnuwr ne      0    0eng d</controlfield><datafield ind1=" " ind2=" " tag="010"><subfield code="a">sn 89058283 </subfield></datafield><datafield ind1=" " ind2=" " tag="040"><subfield code="a">KNP</subfield><subfield code="b">eng</subfield><subfield code="c">KNP</subfield><subfield code="d">TGN</subfield><subfield code="d">OCL</subfield><subfield code="d">OCLCQ</subfield><subfield code="d">OCLCF</subfield><subfield code="d">OCLCO</subfield></datafield><datafield ind1="1" ind2=" " tag="029"><subfield code="a">AU@</subfield><subfield code="b">000020536558</subfield></datafield><datafield ind1=" " ind2=" " tag="042"><subfield code="a">msc</subfield></datafield><datafield ind1=" " ind2=" " tag="043"><subfield code="a">n-us-tn</subfield></datafield><datafield ind1="0" ind2=" " tag="130"><subfield code="a">Paris post (Paris, Tenn.)</subfield></datafield><datafield ind1="1" ind2="4" tag="245"><subfield code="a">The Paris post.</subfield></datafield><datafield ind1=" " ind2=" " tag="260"><subfield code="a">Paris, Tenn. :</subfield><subfield code="b">T.H. Baker</subfield></datafield><datafield ind1=" " ind2=" " tag="300"><subfield code="a">v. :</subfield><subfield code="b">ill.</subfield></datafield><datafield ind1=" " ind2=" " tag="310"><subfield code="a">Weekly</subfield></datafield><datafield ind1="1" ind2=" " tag="362"><subfield code="a">Began in 1879; ceased in 1884?</subfield></datafield><datafield ind1=" " ind2=" " tag="500"><subfield code="a">Publishers: T.H. Baker, 1879-1880; T.H. Baker &amp; Son, &lt;1880&gt;; J.L.S. Travis, &lt;1881&gt;; Jno. R. Rison, &lt;1882-1883&gt;</subfield></datafield><datafield ind1=" " ind2=" " tag="580"><subfield code="a">Merged with: Weekly intelligencer (Paris, Tenn. : 1866), to form: Paris post-intelligencer.</subfield></datafield><datafield ind1=" " ind2=" " tag="588"><subfield code="a">Description based on: Old ser., v. 8, no. 22 (Nov. 21, 1879).</subfield></datafield><datafield ind1=" " ind2="0" tag="651"><subfield code="a">Paris (Tenn.)</subfield><subfield code="v">Newspapers.</subfield></datafield><datafield ind1=" " ind2="0" tag="651"><subfield code="a">Henry County (Tenn.)</subfield><subfield code="v">Newspapers.</subfield></datafield><datafield ind1=" " ind2="7" tag="655"><subfield code="a">Newspapers.</subfield><subfield code="2">fast</subfield><subfield code="0">(OCoLC)fst01423814</subfield></datafield><datafield ind1=" " ind2="7" tag="651"><subfield code="a">Tennessee</subfield><subfield code="z">Henry County.</subfield><subfield code="2">fast</subfield><subfield code="0">(OCoLC)fst01221712</subfield></datafield><datafield ind1=" " ind2="7" tag="651"><subfield code="a">Tennessee</subfield><subfield code="z">Paris.</subfield><subfield code="2">fast</subfield><subfield code="0">(OCoLC)fst01221711</subfield></datafield><datafield ind1=" " ind2=" " tag="752"><subfield code="a">United States</subfield><subfield code="b">Tennessee</subfield><subfield code="c">Henry</subfield><subfield code="d">Paris.</subfield></datafield><datafield ind1="0" ind2="0" tag="780"><subfield code="t">Paris gazette (Paris, Tenn.)</subfield><subfield code="w">(DLC)sn 89058275</subfield></datafield><datafield ind1="1" ind2="7" tag="785"><subfield code="t">Weekly intelligencer (Paris, Tenn. : 1866)</subfield><subfield code="w">(DLC)sn 85033963</subfield></datafield><datafield ind1="1" ind2="7" tag="785"><subfield code="t">Paris post-intelligencer</subfield><subfield code="w">(DLC)sn 87008333</subfield></datafield></record>